@Book{ ElectroAplicado,
	title = "Electromagnetismo Aplicado",
	author = "Martin A. Plonus",
	publisher = "Reverte",
	year = "1994",
	isbn = "8429130632, 9788429130638"
}

@Electronic{ rubidium,
	title = "Rubidium Time and Frequency Standards",
	author = "Quartzlock",
	year = "2004",
	url = "http://www.technical-sys.com/QL%20A10-M%20DS.pdf"
}

@Article{ maserEspacio,
	title = "M{\'a}seres en el espacio ",
	author = "Jos{\'e} Francisco G{\'o}mez",
	journal = "Informaci{\'o}n y actualidad astron{\'o}mica",
	number = "24",
	month = feb,
	year = "2008"
}

@Misc{ fotoMaser,
	title = "Foto m{\'a}ser astron{\'o}mico",
	author = "Jos{\'e} M Torrelles"
}

@Misc{maserDefinition,
	title = "What is a maser?",
	note = "\url{http://einstein.stanford.edu/content/faqs/maser.html}"
}

@Misc{spiritusTemporis,
	title = "Spiritus Temporis Enciclopedia",
	note = "\url{http://www.spiritus-temporis.com/maser/uses.html}"
}

@Misc{ MHM2010,
	title = "{MASER MHM 2010}",
	note = "\url{http://www.symmetricom.com/products/frequency-references/active-hydrogen-maser/MHM-2010/}"
}

@Misc{ AmoniaMaser,
	title = "{Amonia Microwave Maser}",
	note = "\url{http://laserstars.org/biglasers/continuous/ammonia.html}"
}


@Book{ historiaFisica,
	title = "Generaciones cu{\'a}nticas: una historia de la f{\'i}sica en el siglo XX",
	series = "Colecci{\'o}n Ciencias",
	author = "Helge Kragh",
	editor = "Ediciones AKAL",
	year = "2007",
	isbn = " 8446017229, 9788446017226"
}
