@misc{sambadownload,
title = {Samba, {Download} {Info.}},
type = {web page},
note="\url{http://us3.samba.org/samba/download/}"
}

@misc{sambadocu,
title = {Samba, {How To Install}.},
type = {web page},
note="\url{http://us3.samba.org/samba/docs/man/Samba-HOWTO-Collection/install.html}"
}

@misc{sambawiki,
title = {Usando {Samba.} {Aprendiendo Samba.}},
author = {Robert Eckstein, David Collier-Brown, Peter Kelly},
type = {web page},
note="\url{http://www.wikilearning.com/tutorial/usando_samba-aprendiendo_samba/9688-1}"
}

@misc{dokusambaconf,
title = {How to install and test {Samba.}},
author = {Samba Team},
type = {web page},
note="\url{http://us3.samba.org/samba/docs/man/Samba-HOWTO-Collection/install.html#id2544263}"
}

@misc{cron,
title = {Red Hat Enterprise} {Linux} 3: {Manual} de administración del sistema.},
author = {Red Hat Linux},
type = {web page},
note="\url{http://web.mit.edu/rhel-doc/3/rhel-sag-es-3/ch-autotasks.html}"
}

@article{SoftwareyLibertad,
author = {Javier Smaldone},
title = {Software y {Libertad}},
note = "\htmladdnormallink{PDF}{http://www.smaldone.com.ar/opinion/docs/softwareylibertad.pdf}, \htmladdnormallink{PS}{http://www.smaldone.com.ar/opinion/docs/softwareylibertad.ps.gz}, \htmladdnormallink{html}{http://www.smaldone.com.ar/opinion/docs/softwareylibertad.html}",
year = {2002}
}

@misc{dokuwiki,
title = {Página web oficial de DokuWiki},
note="\url{http://www.dokuwiki.org}"
}
